@article{introCoilGun,
  author = {Sai Chaithanya, Vineeth Kumar},
  title = {A Review on Technological Advancement in Electromagnetic Coil Gun System},
  year = {2018},
  url = {https://www.ijert.org/research/a-review-on-technological-advancement-in-electromagnetic-coil-gun-system-IJERTCONV6IS15038.pdf},
  note = {Accedido: 05-06-2024}
}

@paper{inproceedings,
author = {Kaye, R.J. and Turman, B.N. and Shope, S.L.},
year = {2002},
month = {08},
pages = {703 - 707},
title = {Applications of coilgun electromagnetic propulsion technology},
note = {Accedido: 05-06-2024}
}

@misc{purcell2013electricidad,
  title = {Electricidad y Magnetismo},
  author = {Purcell, Edward M. and Morin, David J.},
  year = {2013},
  edition = {3},
  publisher = {Cambridge University Press},
}

@misc{oersted2024,
  author = {{IEEE Spain}},
  title = {Doscientos aniversario de Oersted y el descubrimiento del electromagnetismo},
  url = {https://ieeespain.org/doscientos-aniversario-oersted-y-el-descubrimiento-del-electromagnetismo/},
  note = {Accedido: 24-06-2024}
}